@misc{Larchenko2019,
  author = {Larchenko, Ilialar},
  title = {California Housing Analysis and Preciction},
  howpublished = {\url{https://www.kaggle.com/code/ilialar/california-housing-analysis-and-preciction}},
  year = {2024},
  note = {Accessed: April 08, 2024},
}


@misc{wang_california_housing_1990,
  author = {Wang, Harry},
  title = {California Housing Data (1990): California Housing Price Prediction},
  howpublished = {\url{https://www.kaggle.com/datasets/harrywang/housing}},
  year = {2024},
  note = {Accessed: April 08, 2024},
}


@article{bajaj2021recipes,
  title={Recipes for when Physics Fails: Recovering Robust Learning of Physics Informed Neural Networks},
  author={Bajaj, Chandrajit and McLennan, Luke and Andeen, Timothy and Roy, Avik},
  journal={arXiv preprint arXiv:2110.13330},
  year={2021},
  eprint={2110.13330},
  archivePrefix={arXiv},
  primaryClass={cs.LG}
}
