@misc{neuraloperator2024sfno,
  title = {Training a SFNO on the spherical Shallow Water equations},
  author = {Jean Kossaifi and Nikola Kovachki and Zongyi Li and Anima Anandkumar},
  year = {2024},
  howpublished = {\url{https://neuraloperator.github.io/neuraloperator/dev/auto_examples/plot_SFNO_swe.html}},
  note = {Accessed: 2024-05-20}
}

@misc{li2020fourier,
      title={Fourier Neural Operator for Parametric Partial Differential Equations}, 
      author={Zongyi Li and Nikola Kovachki and Kamyar Azizzadenesheli and Burigede Liu and Kaushik Bhattacharya and Andrew Stuart and Anima Anandkumar},
      year={2020},
      eprint={2010.08895},
      archivePrefix={arXiv},
      primaryClass={cs.LG}
}

@misc{bonev2023spherical,
      title={Spherical Fourier Neural Operators: Learning Stable Dynamics on the Sphere}, 
      author={Boris Bonev and Thorsten Kurth and Christian Hundt and Jaideep Pathak and Maximilian Baust and Karthik Kashinath and Anima Anandkumar},
      year={2023},
      eprint={2306.03838},
      archivePrefix={arXiv},
      primaryClass={cs.LG}
}

@misc{raonic2023convolutional,
      title={Convolutional Neural Operators for robust and accurate learning of PDEs}, 
      author={Bogdan Raonić and Roberto Molinaro and Tim De Ryck and Tobias Rohner and Francesca Bartolucci and Rima Alaifari and Siddhartha Mishra and Emmanuel de Bézenac},
      year={2023},
      eprint={2302.01178},
      archivePrefix={arXiv},
      primaryClass={cs.LG}
}